@article{
	WatCri1953,
	author = "J. D., Watson and Crick, F. H.",
	title = "Molecular structure of nucleic acids: A structure for deoxyribose nucleic acid",
	journal = "Nature",
	volume = "171",
	year = "1953",
}

@misc{
	Kitano,
    author = {Hiroaki, Kitano},
    title = {Systems Biology: Toward System-level Understanding of Biological Systems},
    year = {2001}
}

@incollection{
	Cardelli,
	year={2005},
	isbn={978-3-540-30883-6},
	booktitle={Transactions on Computational Systems Biology III},
	volume={3737},
	series={Lecture Notes in Computer Science},
	title={Abstract Machines of Systems Biology},
	publisher={Springer Berlin Heidelberg},
	author={Cardelli, Luca},
}

@Article {
	Fisher,
	author       = {Fisher J and Henzinger T.A},
	journal      = {Nature Biotechnology},
	title        = {Executable Cell Biology},
	url          = {http://research.microsoft.com/apps/pubs/default.aspx?id=68022},
	volume       = {25},
	year         = {2007},
}

@Article{
	Shaub,
AUTHOR = {Schaub, Marc and Henzinger, Thomas and Fisher, Jasmin},
TITLE = {Qualitative networks: a symbolic approach to analyze biological signaling networks},
JOURNAL = {BMC Systems Biology},
VOLUME = {1},
YEAR = {2007},
NUMBER = {1},
URL = {http://www.biomedcentral.com/1752-0509/1/4},
DOI = {10.1186/1752-0509-1-4},
ISSN = {1752-0509},
}

@Article{
 Alon,
author = "Alon, Uri",
title = "Simplicity in biology",
journal = "Nature",
volume = 446,
url = "http://dx.doi.org/10.1038/446497a",
year = 2007
}

